<record><leader>00000cas a22000007a 4500</leader><controlfield tag="001">34046994</controlfield><controlfield tag="008">960117d1982198uakuer ne      0    0eng d</controlfield><datafield ind1=" " ind2=" " tag="010"><subfield code="a">sn 95060092 </subfield></datafield><datafield ind1=" " ind2=" " tag="040"><subfield code="a">ANE</subfield><subfield code="b">eng</subfield><subfield code="c">ANE</subfield><subfield code="d">OCLCQ</subfield><subfield code="d">OCLCF</subfield><subfield code="d">OCLCO</subfield></datafield><datafield ind1="1" ind2=" " tag="029"><subfield code="a">AU@</subfield><subfield code="b">000025855117</subfield></datafield><datafield ind1=" " ind2=" " tag="042"><subfield code="a">msc</subfield></datafield><datafield ind1=" " ind2=" " tag="043"><subfield code="a">n-us-ak</subfield></datafield><datafield ind1="0" ind2=" " tag="130"><subfield code="a">River (Aniak, Alaska)</subfield></datafield><datafield ind1="1" ind2="4" tag="245"><subfield code="a">The river.</subfield></datafield><datafield ind1=" " ind2=" " tag="260"><subfield code="a">Aniak, Alaska :</subfield><subfield code="b">[City of Aniak]</subfield></datafield><datafield ind1=" " ind2=" " tag="300"><subfield code="a">v.</subfield></datafield><datafield ind1=" " ind2=" " tag="310"><subfield code="a">Biweekly,</subfield><subfield code="b">Mar. 8, 1985-&lt;Nov. 21, 1987&gt;</subfield></datafield><datafield ind1=" " ind2=" " tag="321"><subfield code="a">Weekly,</subfield><subfield code="b">&lt;Apr. 1, 1983&gt;-Mar. 1, 1985</subfield></datafield><datafield ind1="1" ind2=" " tag="362"><subfield code="a">Began Mar. 27, 1982.</subfield></datafield><datafield ind1=" " ind2=" " tag="515"><subfield code="a">Issue numbering irregular.</subfield></datafield><datafield ind1=" " ind2=" " tag="588"><subfield code="a">Description based on: 52nd ed. (Apr. 1, 1983).</subfield></datafield><datafield ind1=" " ind2="0" tag="651"><subfield code="a">Aniak (Alaska)</subfield><subfield code="v">Newspapers.</subfield></datafield><datafield ind1=" " ind2="7" tag="655"><subfield code="a">Newspapers.</subfield><subfield code="2">fast</subfield><subfield code="0">(OCoLC)fst01423814</subfield></datafield><datafield ind1=" " ind2="7" tag="651"><subfield code="a">Alaska</subfield><subfield code="z">Aniak.</subfield><subfield code="2">fast</subfield><subfield code="0">(OCoLC)fst01299142</subfield></datafield><datafield ind1=" " ind2=" " tag="752"><subfield code="a">United States</subfield><subfield code="b">Alaska</subfield><subfield code="d">Aniak.</subfield></datafield><datafield ind1="0" ind2="0" tag="785"><subfield code="t">Alternative (Aniak, Alaska)</subfield></datafield></record>